<record><leader>00000cas a22000007a 4500</leader><controlfield tag="001">15738440</controlfield><controlfield tag="008">870527d197u1973msuwr ne      0    0eng d</controlfield><datafield ind1=" " ind2=" " tag="010"><subfield code="a">sn 87065413 </subfield></datafield><datafield ind1=" " ind2=" " tag="040"><subfield code="a">MJA</subfield><subfield code="b">eng</subfield><subfield code="c">MJA</subfield><subfield code="d">MSJ</subfield><subfield code="d">OCLCQ</subfield></datafield><datafield ind1=" " ind2=" " tag="042"><subfield code="a">msc</subfield></datafield><datafield ind1="0" ind2="4" tag="245"><subfield code="a">The Mize headlight.</subfield></datafield><datafield ind1=" " ind2=" " tag="260"><subfield code="a">Mize, Miss. :</subfield><subfield code="b">South Mississippi Pub.,</subfield><subfield code="c">-1973.</subfield></datafield><datafield ind1=" " ind2=" " tag="310"><subfield code="a">Weekly</subfield></datafield><datafield ind1="0" ind2=" " tag="362"><subfield code="a">-v. 2, no. 28 (July 18, 1973).</subfield></datafield><datafield ind1=" " ind2=" " tag="515"><subfield code="a">Numbering is irregular.</subfield></datafield><datafield ind1=" " ind2=" " tag="588"><subfield code="a">Description based on: Vol. 2, no. 14 (Apr. 4, 1973).</subfield></datafield><datafield ind1=" " ind2=" " tag="752"><subfield code="a">United States</subfield><subfield code="b">Mississippi</subfield><subfield code="c">Smith</subfield><subfield code="d">Mize.</subfield></datafield><datafield ind1="0" ind2="0" tag="785"><subfield code="t">Smith County headlight</subfield><subfield code="w">(OCoLC)15738479</subfield></datafield></record>